<?xml version="1.0" encoding="utf-8"?>
<record xmlns="http://www.loc.gov/MARC21/slim" xmlns:xsi="http://www.w3.org/2001/XMLSchema-instance" xsi:schemaLocation="http://www.loc.gov/MARC21/slim http://www.loc.gov/standards/marcxml/schema/MARC21slim.xsd">
	<leader>
		02679nam a2200433   4500
	</leader>
	<controlfield tag="001">
		4133115
	</controlfield>
	<controlfield tag="003">
		NjP
	</controlfield>
	<controlfield tag="006">
		m        d        
	</controlfield>
	<controlfield tag="007">
		cr cn |||m|||a
	</controlfield>
	<controlfield tag="008">
		151222s1914    ua      o     000 0 arao 
	</controlfield>
	<datafield ind1=" " ind2=" " tag="040">
		<subfield code="a">
			NNU
		</subfield>
		<subfield code="b">
			eng
		</subfield>
		<subfield code="e">
			rda
		</subfield>
		<subfield code="c">
			NNU
		</subfield>
	</datafield>
	<datafield ind1="0" ind2="4" tag="050">
		<subfield code="a">
			PJ6161
		</subfield>
		<subfield code="b">
			.M78 1914
		</subfield>
	</datafield>
	<datafield ind1="1" ind2=" " tag="100">
		<subfield code="6">
			880-01
		</subfield>
		<subfield code="a">
			Muʼayyad, Yaḥyá ibn Ḥamzah,
		</subfield>
		<subfield code="d">
			1270 or 1271-approximately 1348.
		</subfield>
	</datafield>
	<datafield ind1="1" ind2="0" tag="240">
		<subfield code="6">
			880-02
		</subfield>
		<subfield code="a">
			al-ṭirāz
		</subfield>
	</datafield>
	<datafield ind1="1" ind2="0" tag="245">
		<subfield code="6">
			880-03
		</subfield>
		<subfield code="a">
			Kitāb al-ṭirāz al-mutaḍammin li-asrār al-balāghah wa-ʻulūm ḥaqāʼiq al-aʻjāz /
		</subfield>
		<subfield code="c">
			taʼlīf Yaḥyá ibn Ḥamzah ibn ʻAlī ibn Ibrāhīm al-ʻAlawī al-Yamanī.
		</subfield>
	</datafield>
	<datafield ind1="3" ind2=" " tag="246">
		<subfield code="6">
			880-04
		</subfield>
		<subfield code="a">
			Ṭirāz
		</subfield>
	</datafield>
	<datafield ind1=" " ind2=" " tag="260">
		<subfield code="6">
			880-05
		</subfield>
		<subfield code="a">
			Miṣr :
		</subfield>
		<subfield code="b">
			Dār al-Kutub al-Khidaywīyah,
		</subfield>
		<subfield code="c">
			1914.
		</subfield>
	</datafield>
	<datafield ind1=" " ind2=" " tag="300">
		<subfield code="a">
			online resource (3 volumes)
		</subfield>
	</datafield>
	<datafield ind1=" " ind2=" " tag="336">
		<subfield code="a">
			text
		</subfield>
		<subfield code="2">
			rdacontent
		</subfield>
	</datafield>
	<datafield ind1=" " ind2=" " tag="337">
		<subfield code="a">
			computer
		</subfield>
		<subfield code="2">
			rdamedia
		</subfield>
	</datafield>
	<datafield ind1=" " ind2=" " tag="338">
		<subfield code="a">
			online resource
		</subfield>
		<subfield code="2">
			rdacarrier
		</subfield>
	</datafield>
	<datafield ind1=" " ind2=" " tag="500">
		<subfield code="a">
			Vol. 2-3 lack t.p.
		</subfield>
	</datafield>
	<datafield ind1=" " ind2=" " tag="500">
		<subfield code="a">
			Cover: Muʼassasat al-Naṣr, Teheran.
		</subfield>
	</datafield>
	<datafield ind1=" " ind2=" " tag="500">
		<subfield code="a">
			Part of the Arabic Collections Online (ACO) project, contributed by Princeton University Libraries.
		</subfield>
	</datafield>
	<datafield ind1=" " ind2=" " tag="533">
		<subfield code="a">
			Electronic reproduction.
		</subfield>
		<subfield code="b">
			New York, N.Y. :
		</subfield>
		<subfield code="c">
			New York University,
		</subfield>
		<subfield code="d">
			2015.
		</subfield>
		<subfield code="5">
			NNU
		</subfield>
	</datafield>
	<datafield ind1=" " ind2="0" tag="650">
		<subfield code="a">
			Arabic language
		</subfield>
		<subfield code="x">
			Rhetoric.
		</subfield>
	</datafield>
	<datafield ind1=" " ind2="7" tag="650">
		<subfield code="a">
			Arabic language
		</subfield>
		<subfield code="x">
			Rhetoric.
		</subfield>
		<subfield code="2">
			fast
		</subfield>
		<subfield code="0">
			(OCoLC)fst00812415
		</subfield>
	</datafield>
	<datafield ind1="2" ind2=" " tag="710">
		<subfield code="a">
			Princeton University.
		</subfield>
		<subfield code="b">
			Library.
		</subfield>
	</datafield>
	<datafield ind1="0" ind2=" " tag="730">
		<subfield code="a">
			Arabic Collections Online.
		</subfield>
	</datafield>
	<datafield ind1="0" ind2="8" tag="776">
		<subfield code="i">
			Online version:
		</subfield>
		<subfield code="a">
			Muʼayyad, Yaḥyá ibn Ḥamzah, 1270 or 1271-approximately 1348.
		</subfield>
		<subfield code="t">
			Kitāb al-ṭirāz al-mutaḍammin li-asrār al-balāghah wa-ʻulūm ḥaqāʼiq al-aʻjāz.
		</subfield>
		<subfield code="d">
			Miṣr : Dār al-Kutub al-Khidaywīyah, 1914
		</subfield>
		<subfield code="w">
			(OCoLC)900758421
		</subfield>
	</datafield>
	<datafield ind1="0" ind2="8" tag="776">
		<subfield code="i">
			Print version:
		</subfield>
		<subfield code="a">
			Muʼayyad, Yaḥyá ibn Ḥamzah, 1270 or 1271-approximately 1348.
		</subfield>
		<subfield code="t">
			Kitāb al-ṭirāz al-mutaḍammin li-asrār al-balāghah wa-ʻulūm ḥaqāʼiq al-aʻjāz
		</subfield>
		<subfield code="w">
			(NjP)4133115
		</subfield>
		<subfield code="w">
			(DLC)   78255803 
		</subfield>
		<subfield code="w">
			(OCoLC)32577276
		</subfield>
	</datafield>
	<datafield ind1="4" ind2="0" tag="856">
		<subfield code="u">
			http://hdl.handle.net/2333.1/31zcrn70
		</subfield>
	</datafield>
	<datafield ind1="1" ind2=" " tag="880">
		<subfield code="6">
			100-01/r
		</subfield>
		<subfield code="a">
			مؤيد، يحيى بن حمزه،
		</subfield>
		<subfield code="d">
			1270 or 1271-approximately 1348.
		</subfield>
	</datafield>
	<datafield ind1="1" ind2="0" tag="880">
		<subfield code="6">
			240-02/r
		</subfield>
		<subfield code="a">
			الطراز
		</subfield>
	</datafield>
	<datafield ind1="1" ind2="0" tag="880">
		<subfield code="6">
			245-03/r
		</subfield>
		<subfield code="a">
			كتاب الطراز المتضمن لأسرار البلاغة وعلوم حقائق الاعجاز /
		</subfield>
		<subfield code="c">
			تأليف يحيى بن حمزه بن على بن ابراهيم العلوى اليمنى.
		</subfield>
	</datafield>
	<datafield ind1="3" ind2=" " tag="880">
		<subfield code="6">
			246-04/r
		</subfield>
		<subfield code="a">
			طراز 
		</subfield>
	</datafield>
	<datafield ind1=" " ind2=" " tag="880">
		<subfield code="6">
			260-05/r
		</subfield>
		<subfield code="a">
			مصر :
		</subfield>
		<subfield code="b">
			دار الكتب الخديوية،
		</subfield>
		<subfield code="c">
			1914.
		</subfield>
	</datafield>
	<datafield ind1=" " ind2=" " tag="959">
		<subfield code="a">
			NNU
		</subfield>
		<subfield code="b">
			WEB
		</subfield>
		<subfield code="c">
			GENI
		</subfield>
		<subfield code="t">
			0
		</subfield>
		<subfield code="m">
			Electronic access
		</subfield>
		<subfield code="s">
			01
		</subfield>
	</datafield>
	<datafield ind1=" " ind2=" " tag="999">
		<subfield code="i">
			NjP_4133115
		</subfield>
		<subfield code="o">
			(OCoLC)ocm32577276
		</subfield>
		<subfield code="s">
			princeton_aco000009:vol.1
		</subfield>
		<subfield code="s">
			princeton_aco000010:vol.2
		</subfield>
		<subfield code="s">
			princeton_aco000011:vol.3
		</subfield>
		<subfield code="e">
			(ERROR-880)
		</subfield>
		<subfield code="s">
			princeton_aco000009:vol.1
		</subfield>
		<subfield code="s">
			princeton_aco000010:vol.2
		</subfield>
		<subfield code="s">
			princeton_aco000011:vol.3
		</subfield>
	</datafield>
</record>
